@book{reynolds2009theories,
    author = {Reynolds, John C.},
    citeulike-article-id = {12479544},
    posted-date = {2013-07-15 03:48:25},
    priority = {2},
    publisher = {Cambridge University Press},
    series = {Paperback re-issue},
    title = {Theories of Programming Languages},
    year = {2009}
}

@book{olesfunctorcategories,
    author = {Oles, Frank J.},
	publisher = {Birkhauser Boston Inc.},
    booktitle = {Algol-like Languages},
    title = {Functor Categories and Store Shapes},
	isbn = {978-1-4757-3851-3},
	pages = {3-12},
    year = {1997}
}

@book{essenceofalgol,
    author = {Reynolds, John C.},
    citeulike-article-id = {9305698},
    title = {The Essence of {ALGOL}},
	booktitle = {ALGOL-like Languages, Volume 1},
    chapter = {The essence of ALGOL},
    title = {The Essence of Algol},
	publisher = {Birkhauser Boston Inc.},
    year = {1997},
    pages = {67--88},
    isbn = {0-8176-3880-6},
}

@inproceedings{coherencereynolds,
  author    = {John C. Reynolds},
  title     = {The Coherence of Languages with Intersection Types},
  booktitle = {TACS},
  year      = {1991},
  pages     = {675-700},
  ee        = {http://dx.doi.org/10.1007/3-540-54415-1_70},
  crossref  = {DBLP:conf/tacs/1991},
  bibsource = {DBLP, http://dblp.uni-trier.de}
}

@proceedings{DBLP:conf/tacs/1991,
  editor    = {Takayasu Ito and
               Albert R. Meyer},
  title     = {Theoretical Aspects of Computer Software, International
               Conference TACS '91, Sendai, Japan, September 24-27, 1991,
               Proceedings},
  booktitle = {TACS},
  publisher = {Springer},
  series    = {Lecture Notes in Computer Science},
  volume    = {526},
  year      = {1991},
  isbn      = {3-540-54415-1},
  bibsource = {DBLP, http://dblp.uni-trier.de}
}

@book{idrislanguage,
    author = {Brady, Edwin},
    title = {Programming in IDRIS: a tutorial},
    year = {2012}
}
